@misc{ImageProjectionMappingExampleSydney,
  author = {Robyn Jay},
  title = {Vivid Sydney - Opera House sails Projection Mapping on the Sydney Opera House
            during Vivid Sydney 2013.},
  howpublished = {webpage},
  month = {June 9},
  year = 2013,
  note = {\url{https://commons.wikimedia.org/wiki/File:Vivid_Sydney_-_Opera_House_sails_(9002375891).jpg}. Accessed 3.3.2021.}
}

@misc{WikiHauntedMansion,
  author = {Wikipedia},
  title = {The Haunted Mansion},
  howpublished = {webpage},
  month = {February 12},
  year = {2021},
  note = {\url{https://en.wikipedia.org/wiki/The_Haunted_Mansion}. Accessed 3.3.2021}
}

@inproceedings{Grossberg2004,
  author = {Grossberg, Michael and Peri, H. and Nayar, S.K. and Belhumeur, Peter},
  year = {2004},
  month = {01},
  pages = {I-452},
  title = {Making one object look like another: Controlling appearance using a projector-camera system},
  volume = {1},
  isbn = {0-7695-2158-4},
  journal = {IEEE Computer Society Conference on Computer Vision and Pattern Recognition},
  doi = {10.1109/CVPR.2004.1315067}
}

@inproceedings{Grundhofer2018,
  title={Recent advances in projection mapping algorithms, hardware and applications},
  author={Grundh{\"o}fer, Anselm and Iwai, Daisuke},
  booktitle={Computer Graphics Forum},
  volume={37},
  number={2},
  pages={653--675},
  year={2018},
  organization={Wiley Online Library}
}

@book{Julesz1995,
  title={Dialogues on perception},
  author={Julesz, Bela},
  year={1995},
  publisher={MIT Press}
}

@article{Raad2018,
  title={A survey of exemplar-based texture synthesis},
  author={Raad, Lara and Davy, Axel and Desolneux, Agn{\`e}s and Morel, Jean-Michel},
  journal={Annals of Mathematical Sciences and Applications},
  volume={3},
  number={1},
  pages={89--148},
  year={2018},
  publisher={International Press of Boston}
}

@article{Galerne2011,
  title={Micro-texture synthesis by phase randomization},
  author={Galerne, Bruno and Gousseau, Yann and Morel, Jean-Michel},
  journal={Image processing on line},
  volume={1},
  pages={213--237},
  year={2011}
}

@article{Gatys2015,
  title={Texture synthesis using convolutional neural networks},
  author={Gatys, Leon A and Ecker, Alexander S and Bethge, Matthias},
  journal={arXiv preprint arXiv:1505.07376},
  year={2015}
}

@article{Siegl2017,
  title={Adaptive stray-light compensation in dynamic multi-projection mapping},
  author={Siegl, Christian and Colaianni, Matteo and Stamminger, Marc and Bauer, Frank},
  journal={Computational Visual Media},
  volume={3},
  number={3},
  pages={263--271},
  year={2017},
  publisher={Springer}
}

@inproceedings{Willi2017,
  title={Robust geometric self-calibration of generic multi-projector camera systems},
  author={Willi, Simon and Grundh{\"o}fer, Anselm},
  booktitle={2017 IEEE International Symposium on Mixed and Augmented Reality (ISMAR)},
  pages={42--51},
  year={2017},
  organization={IEEE}
}

@book{PBRT3e,
  title = {Physically Based Rendering: From Theory to Implementation (3rd ed.)},
  author = {Matt Pharr and Wenzel Jakob and Greg Humphreys},
  isbn = {9780128006450},
  pages = {1266},
  year = {2016},
  month = nov,
  edition = {3rd},
  publisher = {Morgan Kaufmann Publishers Inc.},
  address = {San Francisco, CA, USA}
}

@inproceedings{Zhang1999,
  title={Flexible camera calibration by viewing a plane from unknown orientations},
  author={Zhang, Zhengyou},
  booktitle={Proceedings of the seventh ieee international conference on computer vision},
  volume={1},
  pages={666--673},
  year={1999},
  organization={Ieee}
}

@inproceedings{Yang2016,
  title={Practical and precise projector-camera calibration},
  author={Yang, Liming and Normand, Jean-Marie and Moreau, Guillaume},
  booktitle={2016 IEEE International Symposium on Mixed and Augmented Reality (ISMAR)},
  pages={63--70},
  year={2016},
  organization={IEEE}
}